<?xml version="1.0" encoding="UTF-8"?><collection xmlns="http://www.loc.gov/MARC21/slim"><record><leader>00298nam--2200109-i-4500</leader><controlfield tag="001">000022640</controlfield><controlfield tag="002">20161230</controlfield><controlfield tag="005">20161230201034</controlfield><controlfield tag="008">060222s1000------------r-----000-0-eng-d</controlfield><datafield ind1=" " ind2=" " tag="080"><subfield code="a">621.039.548</subfield></datafield><datafield ind1=" " ind2=" " tag="245"><subfield code="a">Heavy water moderated power reactors progress report: september-october 1963, 43 p</subfield></datafield><datafield ind1=" " ind2=" " tag="852"><subfield code="a">25610</subfield></datafield></record></collection>